<record><leader>00000cas a22000007a 4500</leader><controlfield tag="001">11359749</controlfield><controlfield tag="008">841107d191u1918nyudn ne      0    0eng d</controlfield><datafield ind1=" " ind2=" " tag="010"><subfield code="a">sn 84031911 </subfield></datafield><datafield ind1=" " ind2=" " tag="040"><subfield code="a">NYG</subfield><subfield code="b">eng</subfield><subfield code="c">NYG</subfield><subfield code="d">NYS</subfield><subfield code="d">OCLCQ</subfield></datafield><datafield ind1=" " ind2=" " tag="042"><subfield code="a">msc</subfield></datafield><datafield ind1="0" ind2=" " tag="130"><subfield code="a">Niagara Falls journal (Niagara Falls, N.Y. : Daily)</subfield></datafield><datafield ind1="1" ind2="0" tag="245"><subfield code="a">Niagara Falls journal.</subfield></datafield><datafield ind1=" " ind2=" " tag="260"><subfield code="a">Niagara Falls, N.Y. :</subfield><subfield code="b">Cataract Journal Co.</subfield></datafield><datafield ind1=" " ind2=" " tag="300"><subfield code="a">v. :</subfield><subfield code="b">ill. ;</subfield><subfield code="c">58 cm.</subfield></datafield><datafield ind1=" " ind2=" " tag="310"><subfield code="a">Daily (except Sunday)</subfield></datafield><datafield ind1="1" ind2=" " tag="362"><subfield code="a">Ceased in 1918.</subfield></datafield><datafield ind1=" " ind2=" " tag="588"><subfield code="a">Description based on: Vol. 21, no. 303 (Jan. 2, 1912).</subfield></datafield><datafield ind1=" " ind2="4" tag="651"><subfield code="a">Niagara Falls (N.Y.)</subfield><subfield code="v">Newspapers.</subfield></datafield><datafield ind1=" " ind2="4" tag="651"><subfield code="a">Niagara County (N.Y.)</subfield><subfield code="v">Newspapers.</subfield></datafield><datafield ind1=" " ind2=" " tag="752"><subfield code="a">United States</subfield><subfield code="b">New York</subfield><subfield code="c">Niagara</subfield><subfield code="d">Niagara Falls.</subfield></datafield><datafield ind1="0" ind2=" " tag="775"><subfield code="t">Niagara Falls journal (Niagara Falls, N.Y. : Weekly)</subfield><subfield code="w">(DLC)sn 95057945</subfield></datafield><datafield ind1="0" ind2="0" tag="780"><subfield code="t">Cataract journal</subfield><subfield code="w">(DLC)sn 84024310</subfield></datafield><datafield ind1="0" ind2="7" tag="785"><subfield code="t">Niagara Falls gazette (Niagara Falls, N.Y. : 1893)</subfield><subfield code="w">(DLC)sn 94057924</subfield></datafield><datafield ind1="0" ind2="7" tag="785"><subfield code="t">Niagara Falls gazette and journal</subfield><subfield code="w">(DLC)sn 94057951</subfield><subfield code="w">(OCoLC)31348310</subfield></datafield><datafield ind1="1" ind2=" " tag="029"><subfield code="a">AU@</subfield><subfield code="b">000020617449</subfield></datafield></record>